@article{higgs_cms,
      author         = "Chatrchyan, Serguei and others",
      title          = "{Observation of a new boson at a mass of 125 GeV with the
                        CMS experiment at the LHC}",
      collaboration  = "CMS Collaboration",
      journal        = "Phys. Lett. B",
      year           = "2012",
      eprint         = "1207.7235",
      archivePrefix  = "arXiv",
      primaryClass   = "hep-ex",
      reportNumber   = "CMS-HIG-12-028, CERN-PH-EP-2012-220",
      SLACcitation   = "%%CITATION = ARXIV:1207.7235;%%",
}


@article{higgs_atlas,
      author         = "Aad, Georges and others",
      title          = "{Observation of a new particle in the search for the
                        Standard Model Higgs boson with the ATLAS detector at the
                        LHC}",
      collaboration  = "ATLAS Collaboration",
      journal        = "Phys. Lett. B",
      year           = "2012",
      eprint         = "1207.7214",
      archivePrefix  = "arXiv",
      primaryClass   = "hep-ex",
      reportNumber   = "CERN-PH-EP-2012-218",
      SLACcitation   = "%%CITATION = ARXIV:1207.7214;%%",
}


@article{cms_multicore,
  author={T Hauth and V Innocente and and D Piparo},
  title={Development and Evaluation of Vectorised and Multi-Core Event Reconstruction Algorithms within the CMS Software Framework},
  journal={Journal of Physics: Conference Series},
  volume={396},
  number={5},
  pages={052065},
  url={http://stacks.iop.org/1742-6596/396/i=5/a=052065},
  year={2012}
}


@article{bergman2008exascale,
  title={Exascale computing study: Technology challenges in achieving exascale systems},
  note={Exascale computing study: Technology challenges in achieving exascale systems},
  author={Bergman, Keren and Borkar, Shekhar and Campbell, Dan and Carlson, William and Dally, William and Denneau, Monty and Franzon, Paul and Harrod, William and Hill, Kerry and Hiller, Jon and others},
  journal={Defense Advanced Research Projects Agency Information Processing Techniques Office (DARPA IPTO)},
  year={2008}
}


@article{doe_eci,
  collaboration={US Department of Energy Office of Science},
  title={The Opportunities and Challenges of Exascale Computing},
  note={The Opportunities and Challenges of Exascale Computing},
  url={http://science.energy.gov/~/media/ascr/ascac/pdf/reports/Exascale_subcommittee_report.pdf},
  year={2010}
}

@article{doe_eci_budget,
  collaboration={US Department of Energy Office of Science},
  title={ASCR Budget},
  note={ASCR Budget},
  url={http://science.energy.gov/~/media/budget/pdf/sc-budget-request-to-congress/fy-2013/Cong_Budget_2013_ASCR.pdf},
  year={2013}
}


@article{google_fac_awards,
  collaboration={Google},
  title={Faculty Research Awards},
  note={Faculty Research Awards},
  url={http://research.google.com/university/relations/research_awards.html},
  year={2013}
}


@article{cms_computing_whitepaper,
  collaboration={Google},
  title={Faculty Research Awards},
  note={Faculty Research Awards},
  url={http://research.google.com/university/relations/research_awards.html},
  year={2013}
}

@article{fastjet_timing,
      author         = "Cacciari, Matteo and Salam, Gavin P.",
      title          = "{Dispelling the $N^{3}$ myth for the $k_t$ jet-finder}",
      journal        = "Phys.Lett.",
      volume         = "B641",
      pages          = "57-61",
      doi            = "10.1016/j.physletb.2006.08.037",
      year           = "2006",
      eprint         = "hep-ph/0512210",
      archivePrefix  = "arXiv",
      primaryClass   = "hep-ph",
      reportNumber   = "LPTHE-05-32",
      SLACcitation   = "%%CITATION = HEP-PH/0512210;%%",
}

@article{fastjet_manual,
      author         = "Cacciari, Matteo and Salam, Gavin P. and
Soyez, Gregory",
      title          = "{FastJet User Manual}",
      journal        = "Eur.Phys.J.",
      volume         = "C72",
      pages          = "1896",
      doi            = "10.1140/epjc/s10052-012-1896-2",
      year           = "2012",
      eprint         = "1111.6097",
      archivePrefix  = "arXiv",
      primaryClass   = "hep-ph",
      reportNumber   = "CERN-PH-TH-2011-297",
      SLACcitation   = "%%CITATION = ARXIV:1111.6097;%%",


}

@ARTICLE{knn_ieee, 
author={Cover, T. and Hart, P.}, 
journal={Information Theory, IEEE Transactions on}, 
title={Nearest neighbor pattern classification}, 
year={1967}, 
volume={13}, 
number={1}, 
pages={21-27}, 
keywords={Pattern classification}, 
doi={10.1109/TIT.1967.1053964}, 
ISSN={0018-9448}
}

@INPROCEEDINGS{knn_gpu_1,
    author = {Vincent Garcia and Eric Debreuve and Frank Nielsen and Michel Barlaud},
    title = {k-nearest neighbor search: fast {GPU}-based implementations and application to high-dimensional feature matching},
    booktitle = {IEEE International Conference on Image Processing (ICIP)},
    address = {Hong Kong, China},
    month = {September},
    year = {2010}
}

@INPROCEEDINGS{knn_gpu_2,
    author = {V. Garcia and E. Debreuve and M. Barlaud},
    title = {Fast k nearest neighbor search using GPU},
    booktitle = {CVPR Workshop on Computer Vision on GPU},
    year = {2008},
    address = {Anchorage, Alaska, USA},
    month = {June}
}

@PHDTHESIS{knn_gpu_3,
    author = {Vincent Garcia},
    title = {Suivi d'objets d'intérêt dans une séquence d'images : des points saillants aux mesures statistiques},
    school = {Université de Nice - Sophia Antipolis},
    address = {Sophia Antipolis, France},
    month = {December},
    year = {2008}
}



@book{GAMEOVER,
  title={The Future of Computing Performance:  Game Over or Next Level?},
  author={Samuel H. Fuller and Lynette I. Millett, Editors; Committee on Sustaining Growth in Computing Performance; National Research Council},
  url={http://www.nap.edu/openbook.php?record_id=12980},
  year={2011},
  publisher={The National Academies Press}
}



@article{nsf1,
  collaboration={National Science Foundation},
  title={Core Techniques and Technologies for Advancing Big Data Science \& Engineering  (BIGDATA)},
  note={Core Techniques and Technologies for Advancing Big Data Science \& Engineering  (BIGDATA)},
  url={http://www.nsf.gov/funding/pgm_summ.jsp?pims_id=504767},
  year={2013}
}

@article{nsf2,
  collaboration={National Science Foundation},
  title={High Performance System Acquisition: Building a More Inclusive Computing Environment for Science and Engineering},
  note={High Performance System Acquisition: Building a More Inclusive Computing Environment for Science and Engineering},
  url={http://www.nsf.gov/funding/pgm_summ.jsp?pims_id=503148},
  year={2013}
}

@inproceedings{CLOUDSUITE,
 author = {Ferdman, Michael and Adileh, Almutaz and Kocberber, Onur and Volos, Stavros and Alisafaee, Mohammad and Jevdjic, Djordje and Kaynak, Cansu and Popescu, Adrian Daniel and Ailamaki, Anastasia and Falsafi, Babak},
 title = {Clearing the clouds: a study of emerging scale-out workloads on modern hardware},
 booktitle = {Proceedings of the seventeenth international conference on Architectural Support for Programming Languages and Operating Systems},
 series = {ASPLOS '12},
 year = {2012},
}


@article{GOODACHEP,
      author   = "Calafiura, P. and Eranian, S. and Levinthal, D. and Kama,
                  S. and Vitillo, R.A.",
      title    = "{GOoDA: The generic optimization data analyzer}",
      journal  = "J.Phys.Conf.Ser.",
      volume   = "396",
      pages    = "052072",
      year     = "2012",
}


